@Book{aalpa,
	title={Apuntes para la asignatura: Laboratorio de Programaci\'on Avanzada.},
	author={Luis Bengochea Mart\'inez},
	year={2010},
	publisher={UAH}}}